<record><leader>00000cas a22000007a 4500</leader><controlfield tag="001">35209716</controlfield><controlfield tag="008">960808d190u190uokuwr n       0    0eng d</controlfield><datafield ind1=" " ind2=" " tag="010"><subfield code="a">sn 96093849 </subfield></datafield><datafield ind1=" " ind2=" " tag="040"><subfield code="a">OBN</subfield><subfield code="b">eng</subfield><subfield code="c">OBN</subfield><subfield code="d">OCLCQ</subfield><subfield code="d">OCLCO</subfield></datafield><datafield ind1="1" ind2=" " tag="029"><subfield code="a">AU@</subfield><subfield code="b">000012749659</subfield></datafield><datafield ind1=" " ind2=" " tag="042"><subfield code="a">msc</subfield></datafield><datafield ind1=" " ind2=" " tag="043"><subfield code="a">n-us-ok</subfield></datafield><datafield ind1="0" ind2=" " tag="130"><subfield code="a">Cashion advance (Cashion, Okla. : 1907)</subfield></datafield><datafield ind1="1" ind2="0" tag="245"><subfield code="a">Cashion advance.</subfield></datafield><datafield ind1=" " ind2=" " tag="260"><subfield code="a">Cashion, Okla. :</subfield><subfield code="b">D.G. Woodworth</subfield></datafield><datafield ind1=" " ind2=" " tag="300"><subfield code="a">v.</subfield></datafield><datafield ind1=" " ind2=" " tag="310"><subfield code="a">Weekly</subfield></datafield><datafield ind1=" " ind2=" " tag="588"><subfield code="a">Description based on: Vol. 7, no. 30 (Jan. 3, 1907).</subfield></datafield><datafield ind1=" " ind2="0" tag="651"><subfield code="a">Cashion (Okla.)</subfield><subfield code="v">Newspapers.</subfield></datafield><datafield ind1=" " ind2="0" tag="651"><subfield code="a">Kingfisher County (Okla.)</subfield><subfield code="v">Newspapers.</subfield></datafield><datafield ind1="0" ind2="0" tag="780"><subfield code="t">Cashion advance and Oklahoma State</subfield><subfield code="w">(DLC)sn 96093848</subfield><subfield code="w">(OCoLC)35209637</subfield></datafield></record>